@misc{
	viperCar35:online,
	author 		 = {Directed Electronics},
	title 		 = {Viper - Car Alarms},
	howpublished = {\url{https://www.viper.com/}},
	month 		 = {},
	year 		 = {},
}
@misc{
	QtQML51548:online,
	author 		 = {},
	title 		 = {Qt QML 5.15.1},
	howpublished = {\url{https://doc.qt.io/qt-5/qtqml-index.html}},
	month 		 = {},
	year 		 = {},
}
@misc{
	kanbanize:online,
	author 		 = {},
	title 		 = {Kanban Introduction},
	howpublished = {\url{https://kanbanize.com/kanban-resources/getting-started/what-is-kanban}},
	month 		 = {},
	year 		 = {},
}
@misc{
	prsonalkanban:online,
	author 		 = {},
	title 		 = {Nomad8 | Personal Kanban at work},
	howpublished = {\url{https://nomad8.com/articles/personal-kanban-at-work}},
	month 		 = {},
	year 		 = {},
}
@misc{MySQLMyS16:online,
	author 			= {},
	title 			= {MySQL :: MySQL 8.0 Reference Manual :: 12.16 Spatial Analysis Functions},
	howpublished 	= {\url{https://dev.mysql.com/doc/refman/8.0/en/spatial-analysis-functions.html}},
	month 			= {},
	year 			= {},
}
@misc{GraphQL:online,
	author 			= {},
	title 			= {Introduction to GraphQL | GraphQL},
	howpublished 	= {\url{https://graphql.org/learn/}},
	month 			= {},
	year 			= {},
}