@misc{
	viperCar35:online,
	author 		 = {Directed Electronics},
	title 		 = {Viper - Car Alarms},
	howpublished = {\url{https://www.viper.com/}},
	month 		 = {},
	year 		 = {},
	note 		 = {(Accessed: \lr{\DTMtoday})}
}
@misc{
	QtQML51548:online,
	author 		 = {},
	title 		 = {Qt QML 5.15.1},
	howpublished = {\url{https://doc.qt.io/qt-5/qtqml-index.html}},
	month 		 = {},
	year 		 = {},
	note 		 = {(Accessed: \lr{\DTMtoday})}
}
@misc{
	kanbanize:online,
	author 		 = {},
	title 		 = {Kanban Introduction},
	howpublished = {\url{https://kanbanize.com/kanban-resources/getting-started/what-is-kanban}},
	month 		 = {},
	year 		 = {},
	note 		 = {(Accessed: \lr{\DTMtoday})}
}
@misc{
	prsonalkanban:online,
	author 		 = {},
	title 		 = {Nomad8 | Personal Kanban at work},
	howpublished = {\url{https://nomad8.com/articles/personal-kanban-at-work}},
	month 		 = {},
	year 		 = {},
	note 		 = {(Accessed: \lr{\DTMtoday})}
}
@book{
	ohno1988toyota:book,
	title		 = {Toyota Production System: Beyond Large-Scale Production},
	author		 = {Ohno, T.},
	isbn		 = {9780915299140},
	lccn		 = {87043172},
	url			 = {https://books.google.com/books?id=7\_-67SshOy8C},
	year		 = {1988},
	publisher	 = {Taylor \& Francis}
}
@Manual{
	ltc3600:datasheet,
	title        = {Mainstream Performance line, Arm Cortex-M3 MCU},
	year         = {2020},
	number       = {STM32F103CB},
	note         = {T6},
	organization = {STMicroelectronics},
	url          = {https://www.alldatasheet.com/datasheet-pdf/pdf/499695/STMICROELECTRONICS/STM32F103CBT6.html},
}
@misc{MySQLMyS16:online,
	author 			= {},
	title 			= {MySQL :: MySQL 8.0 Reference Manual :: 12.16 Spatial Analysis Functions},
	howpublished 	= {\url{https://dev.mysql.com/doc/refman/8.0/en/spatial-analysis-functions.html}},
	month 			= {},
	year 			= {},
	note 			= {(Accessed on \lr{\DTMtoday})}
}
@misc{0smrveqt75:online,
	author 			= {smr},
	title 			= {0smr/veqtor: Veqtor is a QML SVG renderer it use qnanopainter as its backend.},
	howpublished 	= {\url{https://github.com/0smr/veqtor}},
	month 			= {},
	year 			= {},
	note 			= {(Accessed on \lr{\DTMtoday})}
}
@misc{0smrhive32:online,
	author 			= {},
	title 			= {0smr/hive: QtQuick theme},
	howpublished 	= {\url{https://github.com/0smr/hive}},
	month 			= {},
	year 			= {},
	note 			= {(Accessed on \lr{\DTMtoday})}
}
@misc{PHPDoc:online,
	author 			= {},
	title 			= {PHP: Documentation},
	howpublished 	= {\url{https://www.php.net/docs.php}},
	month 			= {},
	year 			= {},
	note 			= {(Accessed on \lr{\DTMtoday})}
}
@misc{GraphQL:online,
	author 			= {},
	title 			= {Introduction to GraphQL | GraphQL},
	howpublished 	= {\url{https://graphql.org/learn/}},
	month 			= {},
	year 			= {},
	note 			= {(Accessed on \lr{\DTMtoday})}
}
@misc{OrganicE14:online,
	author 			= {},
	title 			= {Organic EL - R\&D | Semiconductor Energy Laboratory Co., Ltd.},
	howpublished 	= {\url{https://www.sel.co.jp/en/technology/oled.html}},
	month 			= {},
	year 			= {},
	note 			= {(Accessed on \lr{\DTMtoday})}
}
@misc{GPVTG21:online,
	author 			= {},
	title 			= {GPVTG},
	howpublished 	= {\url{https://docs.novatel.com/OEM7/Content/Logs/GPVTG.htm}},
	month 			= {},
	year 			= {},
	note 			= {(Accessed on \lr{\DTMtoday})}
}
@manual{sim800,
	title 			= {SIM800 Series AT Command Manual V1.09},
	organization 	= {SIMCom Wireless Solutions Ltd.},
	address 		= {Shanghai, China},
	year 			= {20XX},
	note 			= {Version 1.09}
}
@misc{atmega328p_datasheet,
	title 			= {{ATmega328P Datasheet}},
	howpublished 	= {\url{https://ww1.microchip.com/downloads/en/DeviceDoc/Atmel-7810-Automotive-Microcontrollers-ATmega328P_Datasheet.pdf}},
	note 			= {Accessed: \lr{\DTMtoday}},
}
@misc{hmtrp-datasheet,
	title 			= {{HM-TRP Series Datasheet}},
	howpublished 	= {\url{https://www.tme.eu/Document/8e429fc6ed10cdcaa8ae22bf1d573055/HM-TRP.pdf}},
	note 			= {Accessed: \lr{\DTMtoday}},
}
@misc{oledm0_datasheet,
	title 			= {{ER-OLEDM0.91-1 Datasheet}},
	howpublished 	= {\url{https://www.buydisplay.com/download/manual/ER-OLEDM0.91-1_Datasheet.pdf}},
	note 			= {Accessed: \lr{\DTMtoday}},
}